@electronic{example:beebe_archive,
  author        = "Nelson H. F. Beebe",
  title         = "{{\TeX}} User Group Bibliography Archive",
  url           = "http://www.math.utah.edu/pub/tex/bib/index-table.html",
  month         = jul,
  year          = "2008"
}
